@article{Stanley,
 author = {Stanley, Kenneth O. and Miikkulainen, Risto},
 title = {Evolving Neural Networks Through Augmenting Topologies},
 journal = {Evol. Comput.},
 issue_date = {Summer 2002},
 volume = {10},
 number = {2},
 month = jun,
 year = {2002},
 issn = {1063-6560},
 pages = {99--127},
 numpages = {29},
 url = {http://dx.doi.org/10.1162/106365602320169811},
 doi = {10.1162/106365602320169811},
 acmid = {638554},
 publisher = {MIT Press},
 address = {Cambridge, MA, USA},
 keywords = {competing conventions, genetic algorithms, network topologies, neural networks, neuroevolution, speciation},
} 


@article{Gnanachandran,
	author = {Gnanachandran},
	title = {Using Simulated Annealing to Solve Logic Puzzles},
	year = {2016},
	url = {https://blog.pluszero.ca/blog/2016/07/17/using-simulated-annealing-to-solve-logic-puzzles/},
	keywords = {simulated annealing, optimization},
}

@article{Nahar,
	author = {Nahar, Surendra and Sahni, Sartaj and Shragowitz, Eugene},
	title = {Simulated Annealing and Combinatorial Optimization},
	booktitle = {Proceedings of the 23rd ACM/IEEE Design Automation Conference},
	series = {DAC '86},
	year = {1986},
	isbn = {0-8186-0702-5},
	location = {Las Vegas, Nevada, USA},
	pages = {293--299},
	numpages = {7},
	url = {http://dl.acm.org/citation.cfm?id=318013.318059},
	acmid = {318059},
	publisher = {IEEE Press},
	address = {Piscataway, NJ, USA},
	keywords = {Monte Carlo methods, adaptive heuristics, design automation, optimization, perturbation functions, simulated annealing},
} 

